%% This BibTeX bibliography file was created using BibDesk.
%% https://bibdesk.sourceforge.io/

%% Created for Ulrich Groh at 2024-08-27  


%% Saved with string encoding Unicode (UTF-8) 


@comment{jabref-meta: databaseType:biblatex;}



@manual{enumitem,
	author = {Bezos L{\'o}pez, Javier},
	date = {2019},
	title = {The Enumitem package},
	url = {https://ctan.org/pkg/enumitem},
	urldate = {2024-08-27},
}

@book{heuser:2005,
	author = {Heuser, Harro},
	publisher = {Verlag Herder},
	title = {Der Physiker Gottes -- Isaac Newton oder Die Revolution des Denkens},
	year = {2005}}

@online{AlphaGo,
	author = {Steven Borowiec and Tracey Lien},
	title = {AlphaGo beats human Go champ in milestone for artificial intelligence},
	url = {https://www.latimes.com/world/asia/la-fg-korea-alphago-20160312-story.html},
	urldate = {2024-08-27},
	year = {2016},
}

@book{alsina:2013,
	address = {Wiesbaden},
	author = {Alsina, Claudi AND Nelsen, Roger B.},
	publisher = {Springer},
	title = {Bezaubernde Beweise -- Eine Reise durch die Eleganz der Mathematik},
	year = {2013}
	}
	

@article{takesaki:1958,
	author = {Takesaki, Masamichi},
	date = {1958},
	doi = {10.2748/tmj/1178244713},
	journaltitle = {Tohoku Math. J.},
	pages = {194--203},
	title = {On the conjugate space of operator algebra},
	volume = {10},
}


